@inproceedings{prospero_social_2015,
	location = {University of Leeds, {UK}},
	title = {Social Participation},
	isbn = {978 0 85316 340 4},
	eventtitle = {International Conference of Live Coding},
	pages = {68--73},
	booktitle = {{ICLC}2015 Proceedings},
	author = {Di Prospero, Carolina},
	year = {2015}
}

@inproceedings{mori_analysing_2015,
	location = {University of Leeds, {UK}},
	title = {Analysing live coding with etnographical approach},
	isbn = {978 0 85316 340 4},
	eventtitle = {International Conference of Live Coding},
	pages = {117--124},
	booktitle = {{ICLC}2015 Proceedings},
	author = {Mori, Giovanni},
	year = {2015}
}

@article{serra_sound_2008,
  title={Sound and Music Computing Research: Historical References},
  author={Serra, Xavier},
  year={2008},
  url = {http://smcnetwork.org/files/1-SMC-Research-History.pdf},
  publisher={Summer School in Sound and Music Computing}
}

@article{reynolds_resident_2012,
  title={Resident Visitor: Laurie Spiegel's Machine Music},
  author={Reynolds, Simon},
  year={2012},
  url = {http://pitchfork.com/features/articles/9002-laurie-spiegel/},
  publisher={Pitchfork}
}

@article{burnham2011coffeescript,
  title={CoffeeScript: Accelerated JavaScript Development},
  author={Burnham, Trevor},
  year={2011},
  publisher={Pragmatic Bookshelf}
}

@article{matt2014recorder,
  title ={Recorderjs},
  author = {Matt Diammond},
  year = {2014},
  url = {https://github.com/mattdiamond/Recorderjs},
  publisher = {Github}
}

@misc{roberts_gibber:_2012,
	title = {Gibber: live-coding audio in the browser},
	journal = {University of California at Santa Barbara: Media Arts \& Technology Program},
	author = {Roberts, Charles and Kuchera-Morin, {JoAnn}},
	year = {2012}
}

@article{fenerich_marulho_2014,
	title = {Marulho {TransOceânico}: performance musical entre dois continentes},
	url = {https://www.academia.edu/t/M8Fvh/8178331},
	pages = {12},
	author = {Fenerich, Alexandre and Obici, Giuliano and Schiavoni, Flávio},
	year = {2014}
}

@article{magnusson_algorithms_2011,
	title = {Algorithms as Scores: Coding Live Music},
	volume = {21},
	pages = {19--23},
	journaltitle = {{LEONARDO} {MUSIC} {JOURNAL}},
	author = {Magnusson, Thor},
	year = {2011}
}

@article{collins_live_2003,
	title = {Live coding in laptop performance},
	volume = {8},
	doi = {10.1017/S135577180300030X},
	pages = {321--330},
	number = {3},
	journal = {Organised Sound - Cambridge University Press},
	author = {Collins, Nick and {McLean}, Alex and Rohrhuber, Julian and Ward, Adrian},
	year = {2003}
}

@article{mathews_digital_1963,
	title = {The digital computer as a Musical Instrument.},
	volume = {142},
	url = {http://www.jstor.org/stable/1712380},
	pages = {553--557},
	number = {3592},
	journal = {Science},
	author = {Mathews, M. V.},
	year = {1963}
}

@online{srikumar_tamming_2013,
	title = {Tamming the Script Processor Node},
	url = {http://sriku.org/blog/2013/01/30/taming-the-scriptprocessornode/},
	shorttitle = {Codaholic},
	titleaddon = {Codaholic: Does the dog have Turing nature?},
	type = {Blog},
	author = {Srikumar, Subramanian},
	year = {2013}
}

@online{nunzio_groove_2010,
	title = {Groove},
	url = {http://www.musicainformatica.org/topics/groove.php},
	titleaddon = {Musicainformatica - computer music history and more},
	author = {Nunzio, Alex di},
	year = {2010}
}

@article{wyse_viability_2014,
	title = {The Viability of the Web Browser as a Computer Music Platform},
	volume = {37},
	doi = {10.1162/COMJ a 00213},
	pages = {10--23},
	number = {4},
	journal = {Computer Music Journal},
	author = {Wyse, Lonce and Subramanian, Srikumar},
	year = {2014}
}

@article{aycock_brief_2003,
	location = {University of Calgary},
	edition = {35},
	title = {A Brief history of Just-In-Time},
	url = {http://www.cs.tufts.edu/comp/150IPL/papers/aycock03jit.pdf},
	pages = {97--113},
	journal = {{ACM} Computer surveys},
	author = {Aycock, john},
	year = {2003}
}

@article{mathews_groove_1970,
	title = {{GROOVE} A Program to Compose, Store, and Edit Functions of Time},
	pages = {7},
	journal = {Bell Telephones Laboratories},
	author = {Mathews, M. V. and Moore, F.R.},
	year = {1970}
}

@book{iazzetta_musica_2009,
	location = {São Paulo},
	title = {Música e mediação tecnológica},
	isbn = {9.788527308724E12},
	pagetotal = {232},
	publisher = {Ed. Perspectiva-Fapesp},
	author = {Iazzetta, Fernando},
	year = {2009}
}

@book{farnell_design_2008,
	location = {London, England},
	title = {Design Sound},
	isbn = {9780956088604},
	pagetotal = {638},
	publisher = {Applied Scientific Press},
	author = {Farnell, Andy},
	year = {2008}
}

@article{iazzetta_importancia_2005,
	title = {A {IMPORTÂNCIA} {DOS} {DEDOS} {PARA} A {MÚSICA} {FEITA} {NAS} {COXAS}},
	url = {http://www.anppom.com.br/anais/category/36-comunicacoes?download=335:fernando-iazzeta},
	pages = {8},
	journal = {{ANPPOM}},
	author = {Iazzetta, Fernando},
	year = {2005}
}

@incollection{rohrhuber_improvising_2009,
	location = {Paris, France},
	title = {Improvising Formalization - Conversational programming and Live Coding},
	url = {http://albertodecampo.net/uploads/ImprovisingFormalisation_NewLangs_IRCAM_jrh_adc.pdf},
	pages = {13},
	booktitle = {New Computational Paradigms for Computer Music,},
	publisher = {Assayag, G. and Gerzso, A., eds., Delatour/{IRCAM}},
	author = {Rohrhuber, Julian and Campo, Alberto de},
	year = {2009}
}

@online{w3c_web_2012,
	title = {Web Audio {API}},
	url = {https://dvcs.w3.org/hg/audio/raw-file/tip/webaudio/specification.html},
	shorttitle = {Web Audio {API}},
	abstract = {This specification describes a high-level {JavaScript} {API} for processing and synthesizing audio in web applications. The primary paradigm is of an audio routing graph, where a number of {AudioNode} objects are connected together to define the overall audio rendering. The actual processing will primarily take place in the underlying implementation (typically optimized Assembly / C / C++ code), but direct {JavaScript} processing and synthesis is also supported.},
	titleaddon = {Web Audio {API} W3C Editor's Draft},
	type = {Documentação},
	author = {W3C},
	year = {2012}
}

@book{puckette_theory_2006,
	location = {-},
	title = {The Theory and Techinique of Eletronic Music},
	rights = {Copyright 2006 Miller Puckette},
	pagetotal = {325},
	publisher = {-},
	author = {Puckette, Miller},
	year = {2006}
}

@article{roberts_web_2013-,
	title = {The Web Browser As Synthesizer And Interface},
	abstract = {Our research examines the use and potential of native web
technologies for musical expression. We introduce two Java-
Script libraries towards this end: Gibberish.js, a heavily op-
timized audio {DSP} library, and Interface.js, a {GUI} toolkit
that works with mouse, touch and motion events. Together
these libraries provide a complete system for de⬚ning musi-
cal instruments that can be used in both desktop and mobile
web browsers. Interface.js also enables control of remote
synthesis applications via a server application that trans-
lates the socket protocol used by web interfaces into both
{MIDI} and {OSC} messages.},
	pages = {6},
	author = {Roberts, Charles and Wakefield, Graham and Wright, Matthew},
	year = {2013}
}

@article{collins_live_2007,
	title = {Live Coding Practice},
	url = {http://www.composerprogrammer.com/research/livecodingpractice.pdf},
	journal = {{NIME}'07},
	author = {Collins, Nick},
	year = {2007}
}

@misc{collins_origins_2014,
	title = {Origins of live coding},
	url = {http://www.livecodenetwork.org/files/2014/05/originsoflivecoding.pdf},
	publisher = {Durham University},
	author = {Collins, Nick},
	year = {2014}
}

@misc{ward_live_2004,
	title = {Live algorithm programming and temporary organization for its promotion},
	url = {http://art.runme.org/1107861145-2780-0/livecoding.pdf},
	publisher = {{TOPLAP}.{ORG}},
	author = {Ward, Adrian and Rohrhuber, Julian and Olofson, Fredrik and Mclean, Alex and Griffiths, Dave and Collins, Nick and Alexander, Amy},
	year = {2004}
}

@thesis{di_nunzio_genesi_2010,
	location = {Bologna},
	title = {Genesi, sviluppo e difusione del software "{MUSIC} N" nella storia della composizione informatica},
	url = {http://www.tesionline.com/__PDF/37726/37726p.pdf},
	institution = {Facoltà di Lettere e Filosofia - Università degli Studi di Bologna},
	type = {phdthesis},
	author = {Di Nunzio, Alex},
	year = {2010}
}

@online{mclean_hacking_2004,
	title = {Hacking Perl in Nightclubs},
	url = {http://www.perl.com/pub/2004/08/31/livecode.html},
	titleaddon = {Perl.com: news and views of the Perl programming language},
	author = {{McLean}, Alex},
	year = {2004}
}

@misc{mclean_patterns_2009,
	title = {Patterns of movment in live languages},
	url = {https://www.academia.edu/7249277/Patterns_of_movement_in_live_languages},
	author = {{McLean}, Alex and Wiggins, Geraint},
	year = {2009}
}

@article{sorensen_livecodings_2014,
	title = {Livecoding's many meanings},
	volume = {38},
	url = {http://muse.jhu.edu/journals/computer_music_journal/v038/38.1.sorensen.pdf},
	pages = {65--76},
	number = {1},
	journal = {Computer Music Journal},
	author = {Sorensen, Andrew and Swift, Ben and Riddel, Alistair},
	year = {2014}
}

@inproceedings{collins_algorave:_2014,
	location = {Goldsmiths, University of London, {UK}},
	title = {Algorave: Live Performance of Algorithmic Electronic Dance Music},
	eventtitle = {{NIME}’14},
	pages = {355--358},
	booktitle = {Proceedings of the International Conference on New Interfaces for Musical Expression},
	author = {Collins, Nick and {McLean}, Alex},
	year = {2014}
}

@inproceedings{markc_xruns_2013,
	title = {Xruns: From the ALSA wiki. Disponível em \url{http://alsa.opensrc.org/Xruns}},
	year = {2013},
	author = {User:Markc}
}